@book{simon2020,
	author    = {Simon, Péter},
	title     = {Mérték és integrál},
	year      = {2016},
	publisher = {ELTE Eötvös Kiadó},
	address   = {Budapest},
	note      = {Egyetemi jegyzet}
}
